@comment{This file has been generated by Pybliographer}


@Misc{3vtipsandtricks,
  Author         = {{Microchip Technology Inc.}},
  Title          = {3{V} {T}ips 'n {T}ricks},
  url            = {http://www.microchip.com/stellent/groups/techpub_sg/documents/devicedoc/en026368.pdf},
  year           = 2008
}

@Misc{atmega8,
  Author         = {{Atmel Corporation}},
  Title          = {{ATmega8} Datasheet Rev. 2486Z},
  month          = feb,
  url            = {http://www.atmel.com/dyn/resources/prod_documents/doc2486.pdf},
  year           = 2011
}

@Misc{fusecalc,
  Author         = {Engbedded},
  Title          = {A{VR} {F}use {C}alculator},
  url            = {http://www.engbedded.com/fusecalc/}
}

@Misc{avrtimercalc,
  Author         = {{Frank Zhao}},
  Title          = {A{VR} {T}imer {C}alculator},
  url            = {http://frank.circleofcurrent.com/cache/avrtimercalc.htm}
}

@Misc{avr315,
  Author         = {{Atmel Corporation}},
  Title          = {A{VR}315: {U}sing the {TWI} module as {I}2{C} master},
  url            = {http://www.atmel.com/dyn/resources/prod_documents/doc2564.pdf},
  year           = 2010
}

@Misc{AN97055,
  Author         = {{Herman Schutte}},
  Title          = {Bi-directional level shifter for {I}2{C}-bus and other
                   systems.},
  corporation    = {Philips Semiconductors Systems Laboratory Eindhoven,
                   The Netherlands},
  month          = {4 } # aug,
  url            = {http://www.kip.uni-heidelberg.de/lhcb/Publications/external/AN97055.pdf},
  year           = 1997
}

@Misc{usbhid,
  Author         = {{USB Implementers' Forum}},
  Title          = {Device {C}lass {D}efinition for {H}uman {I}nterface
                   {D}evices ({HID})},
  Note           = {Version 1.11},
  month          = {27 } # jun,
  url            = {http://www.usb.org/developers/devclass_docs/HID1_11.pdf},
  year           = 2001
}

@Misc{avrlibcfaq,
  Author         = {{AVR Libc}},
  Title          = {Frequently {A}sked {Q}uestions},
  Note           = {Version 1.7.0},
  month          = {16 } # feb,
  url            = {http://www.nongnu.org/avr-libc/user-manual/FAQ.html},
  year           = 2011
}

@Misc{GoogleIO2011,
  Author         = {{Marcin Wichary} and {Ryan Germick}},
  Title          = {Google {I}/{O} 2011: {T}he {S}ecrets of {G}oogle
                   {P}ac-{M}an: {A} {G}ame {S}how},
  Note           = {Relevant portion of the video is from 02:29 to 04:40.
                   Marcin Wichary starts using the iPod Touch
                   accelerometer on 04:03.},
  month          = {11 } # may,
  organization   = {Google},
  url            = {http://www.youtube.com/watch?v=ttavBa4giPc},
  year           = 2011
}

@Misc{hiddt,
  Title          = {H{ID} {D}escriptor {T}ool},
  url            = {http://www.usb.org/developers/hidpage/dt2_4.zip}
}

@Misc{usbhut,
  Author         = {{USB Implementers' Forum}},
  Title          = {H{ID} {U}sage {T}ables},
  Note           = {Version 1.12},
  month          = {28 } # oct,
  url            = {http://www.usb.org/developers/devclass_docs/Hut1_12v2.pdf},
  year           = 2004
}

@Misc{AN10441,
  Author         = {{NXP Semiconductors}},
  Title          = {Level shifting techniques in {I}2{C}-bus design},
  month          = {18 } # jun,
  url            = {http://www.nxp.com/documents/application_note/AN10441.pdf},
  year           = 2007
}

@Misc{optimisations,
  Author         = {{Thomas Pircher}},
  Title          = {Optimisations of {AVR} programs using avr-gcc},
  month          = {29 } # apr,
  url            = {http://www.tty1.net/blog/2008-04-29-avr-gcc-optimisations_en.html},
  year           = 2011
}

@Misc{avrlibcporting,
  Author         = {{AVR Libc}},
  Title          = {Porting {F}rom {IAR} to {AVR} {GCC}},
  Note           = {Version 1.7.0},
  month          = {16 } # feb,
  url            = {http://www.nongnu.org/avr-libc/user-manual/porting.html},
  year           = 2011
}

@Misc{usb20,
  Author         = {Compaq and Hewlett-Packard and Intel and Lucent and
                   Microsoft and NEC and Philips},
  Title          = {Universal {S}erial {B}us {S}pecification {R}evision
                   2.0},
  month          = {27 } # apr,
  url            = {http://www.usb.org/developers/docs/usb_20.zip},
  year           = 2000
}

@Misc{usbinanutshell,
  Author         = {{Beyond Logic}},
  Title          = {U{SB} in a {N}ut{S}hell},
  url            = {http://www.beyondlogic.org/usbnutshell/usb1.shtml},
  year           = 2010
}

@Misc{usbasp,
  Author         = {{Thomas Fischl}},
  Title          = {U{SB}asp - {USB} programmer for {A}tmel {AVR}
                   controllers},
  url            = {http://www.fischl.de/usbasp/}
}

@Misc{usbasploader,
  Author         = {{Objective Development Software GmbH.}},
  Title          = {U{SB}asp{L}oader - {B}ootloader {E}mulating {USB}asp},
  month          = {27 } # jul,
  url            = {http://www.obdev.at/products/vusb/usbasploader.html},
  year           = 2010
}

